@inproceedings{al2008moodle,
  title={Why moodle},
  author={Al-Ajlan, Ajlan and Zedan, Hussein},
  booktitle={2008 12th IEEE International Workshop on Future Trends of Distributed Computing Systems},
  year={2008},
  organization={IEEE}
}

@article{alvarez2002design,
  title={Design and implementation of a course scheduling system using tabu search},
  author={Alvarez-Valdes, Ramon and Crespo, Enric and Tamarit, Jose M},
  journal={European Journal of Operational Research},
  year={2002},
  publisher={Elsevier}
}

@inproceedings{carter1998recent,
  title={Recent developments in practical course timetabling},
  author={Carter, Michael W and Laporte, Gilbert},
  booktitle={international conference on the practice and theory of automated timetabling},
  year={1998},
  organization={Springer}
}

@book{topping1998peer,
  title={Peer-assisted learning},
  author={Topping, Keith and Ehly, Stewart},
  year={1998},
  publisher={Routledge}
}

@article{vanlehn2011relative,
  title={The relative effectiveness of human tutoring, intelligent tutoring systems, and other tutoring systems},
  author={VanLehn, Kurt},
  journal={Educational psychologist},
  year={2011},
  publisher={Taylor \& Francis}
}

@article{anderson1985intelligent,
  title={Intelligent tutoring systems},
  author={Anderson, John R and Boyle, C Franklin and Reiser, Brian J},
  journal={Science},
  year={1985},
  publisher={American Association for the Advancement of Science}
}

@article{vanlehn2006behavior,
  title={The behavior of tutoring systems},
  author={VanLehn, Kurt},
  journal={International journal of artificial intelligence in education},
  year={2006},
  publisher={IOS Press}
}

@article{aastrom2008feedback,
  title={Feedback systems},
  author={{\AA}str{\"o}m, Karl Johan and Murray, Richard M},
  journal={Princeton Univer},
  year={2008}
}

@article{tadelis2016reputation,
  title={Reputation and feedback systems in online platform markets},
  author={Tadelis, Steven},
  journal={Annual Review of Economics},
  year={2016},
  publisher={JSTOR}
}

@article{sadik2017students,
  title={Students’ acceptance of file sharing systems as a tool for sharing course materials: The case of Google Drive},
  author={Sadik, Alaa},
  journal={Education and Information Technologies},
  year={2017},
  publisher={Springer}
}

@article{zhou2010lesson,
  title={LESSON: A system for lecture notes searching and sharing over Internet},
  author={Zhou, Shuigeng and Xu, Ming and Guan, Jihong},
  journal={Journal of Systems and Software},
  year={2010},
  publisher={Elsevier}
}

@article{wang2010peerlearning,
  title={PeerLearning: a content-based e-learning material sharing system based on P2P network},
  author={Wang, Guoren and Yuan, Ye and Sun, Yongjiao and Xin, Junchang and Zhang, Ying},
  journal={World Wide Web},
  year={2010},
  publisher={Springer}
}

@article{lan2007mobile,
  title={A mobile-device-supported peer-assisted learning system for collaborative early EFL reading},
  author={Lan, Yu-Ju and Sung, Yao-tin and Chang, Kuo-En},
  journal={Language learning \& technology},
  year={2007},
  publisher={University of Hawaii National Foreign Language Resource Center}
}

@misc{rice2006moodle,
  title={Moodle. Birmingham},
  author={Rice, W and William, H},
  year={2006},
  publisher={Packt Publishing}
}

@article{dougiamas2004moodle,
  title={Moodle},
  author={Dougiamas, Martin and others}
}

@article{kc2017evaluation,
  title={Evaluation of moodle features at kajaani university of applied sciences--case study},
  author={Kc, Deepak},
  journal={Procedia computer science},
  year={2017},
  publisher={Elsevier}
}

@inproceedings{sudarsana2019use,
  title={The use of Google classroom in the learning process},
  author={Sudarsana, I Ketut and Putra, Ida Bagus Made Anggara and Astawa, I Nyoman Temon and Yogantara, I Wayan Lali},
  booktitle={Journal of Physics: Conference Series},
  year={2019},
  organization={IOP Publishing}
}

@article{mohd2016application,
  title={The application of Google Classroom as a tool for teaching and learning},
  author={Mohd Shaharanee, Izwan Nizal and Jamil, Jastini and Mohamad Rodzi, Sarah Syamimi},
  journal={Journal of Telecommunication, Electronic and Computer Engineering},
  year={2016},
  publisher={Universiti Teknikal Malaysia Melaka}
}

@article{dewi2014edmodo,
  title={Edmodo: A social learning platform for blended learning class in higher education},
  author={Dewi, Finita},
  journal={Research in Education Technology: Pedagogy and Technology Journal},
  year={2014}
}

@article{gay2017effectiveness,
  title={The effectiveness of using Edmodo in enhancing students’ outcomes in advance writing course of the fifth semester at FIP-UMMU},
  author={Gay, Erwin and Sofyan, Nurlaily},
  journal={Journal of English Education},
  year={2017},
  publisher={Universitas Sembilanbelas November Kolaka}
}

@article{iftakhar2016google,
  title={Google classroom: what works and how},
  author={Iftakhar, Shampa},
  journal={Journal of Education and Social Sciences},
  year={2016}
}

 @misc{jovanovic_2023, title={Gamer demographics: Facts about the most popular hobby}, url={https://dataprot.net/statistics/gamer-demographics/}, journal={Dataprot}, author={Jovanovic, Bojan}, year={2023}, month={Jan}} 
